<?xml version="1.0" encoding="UTF-8"?><collection xmlns="http://www.loc.gov/MARC21/slim"><record><leader>00418nam--2200181-u-4500</leader><controlfield tag="001">000052907</controlfield><controlfield tag="002">20161230</controlfield><controlfield tag="005">20161230201050</controlfield><controlfield tag="008">101129s1000------------r-----000-0-rus-d</controlfield><datafield ind1=" " ind2=" " tag="040"><subfield code="a">IFIN-HH</subfield></datafield><datafield ind1=" " ind2=" " tag="041"><subfield code="a">rus</subfield></datafield><datafield ind1=" " ind2=" " tag="080"><subfield code="a">535</subfield></datafield><datafield ind1="1" ind2=" " tag="110"><subfield code="a">Akademia Nauka SSSR</subfield></datafield><datafield ind1="1" ind2="0" tag="245"><subfield code="a">Naucinie trudi</subfield><subfield code="b">Vipusk 221. fizika</subfield></datafield><datafield ind1=" " ind2=" " tag="260"><subfield code="a">Tanskent</subfield><subfield code="c">1963</subfield></datafield><datafield ind1=" " ind2=" " tag="300"><subfield code="a">203 P</subfield></datafield><datafield ind1=" " ind2=" " tag="852"><subfield code="a">76854</subfield><subfield code="c">535</subfield></datafield><datafield ind1=" " ind2=" " tag="CAT"><subfield code="a">Sys</subfield><subfield code="c">20101129</subfield><subfield code="h">083801</subfield></datafield></record></collection>